[gd_scene load_steps=2 format=3 uid="uid://bagfygmsyic3u"]

[ext_resource type="PackedScene" uid="uid://dn850mwkvnwd" path="res://scenes/debug_grid.tscn" id="1_tb7ms"]

[node name="DBGs" type="Node3D"]

[node name="DBG" parent="." instance=ExtResource("1_tb7ms")]

[node name="DBG4" parent="." instance=ExtResource("1_tb7ms")]
transform = Transform3D(1, 0, 0, 0, 1, 0, 0, 0, 1, 24, 0, 0)

[node name="DBG2" parent="." instance=ExtResource("1_tb7ms")]
transform = Transform3D(1, 0, 0, 0, 1, 0, 0, 0, 1, -24, 0, 0)

[node name="DBG5" parent="." instance=ExtResource("1_tb7ms")]
transform = Transform3D(-1, 0, -8.74228e-08, 0, 1, 0, 8.74228e-08, 0, -1, 12, 0, 20.75)

[node name="DBG6" parent="." instance=ExtResource("1_tb7ms")]
transform = Transform3D(-1, 0, -8.74228e-08, 0, 1, 0, 8.74228e-08, 0, -1, 36, 0, 20.75)

[node name="DBG7" parent="." instance=ExtResource("1_tb7ms")]
transform = Transform3D(-1, 0, -8.74228e-08, 0, 1, 0, 8.74228e-08, 0, -1, -12, 0, 20.75)

[node name="DBG8" parent="." instance=ExtResource("1_tb7ms")]
transform = Transform3D(1, 0, 0, 0, 1, 0, 0, 0, 1, -12, 0, 20.75)

[node name="DBG9" parent="." instance=ExtResource("1_tb7ms")]
transform = Transform3D(1, 0, 0, 0, 1, 0, 0, 0, 1, 12, 0, 20.75)

[node name="DBG10" parent="." instance=ExtResource("1_tb7ms")]
transform = Transform3D(1, 0, 0, 0, 1, 0, 0, 0, 1, -36, 0, 20.75)

[node name="DBG11" parent="." instance=ExtResource("1_tb7ms")]
transform = Transform3D(-1, 0, -8.74228e-08, 0, 1, 0, 8.74228e-08, 0, -1, 0, 0, 41.5)

[node name="DBG12" parent="." instance=ExtResource("1_tb7ms")]
transform = Transform3D(-1, 0, -8.74228e-08, 0, 1, 0, 8.74228e-08, 0, -1, 24, 0, 41.5)

[node name="DBG13" parent="." instance=ExtResource("1_tb7ms")]
transform = Transform3D(-1, 0, -8.74228e-08, 0, 1, 0, 8.74228e-08, 0, -1, -24, 0, 41.5)

[node name="DBG14" parent="." instance=ExtResource("1_tb7ms")]
transform = Transform3D(1, 0, 0, 0, 1, 0, 0, 0, 1, -12.25, 0, -20.75)

[node name="DBG15" parent="." instance=ExtResource("1_tb7ms")]
transform = Transform3D(1, 0, 0, 0, 1, 0, 0, 0, 1, 11.75, 0, -20.75)

[node name="DBG16" parent="." instance=ExtResource("1_tb7ms")]
transform = Transform3D(1, 0, 0, 0, 1, 0, 0, 0, 1, -36.25, 0, -20.75)

[node name="DBG17" parent="." instance=ExtResource("1_tb7ms")]
transform = Transform3D(-1, 0, -8.74228e-08, 0, 1, 0, 8.74228e-08, 0, -1, -0.25, 0, 0)

[node name="DBG18" parent="." instance=ExtResource("1_tb7ms")]
transform = Transform3D(-1, 0, -8.74228e-08, 0, 1, 0, 8.74228e-08, 0, -1, 23.75, 0, 0)

[node name="DBG20" parent="." instance=ExtResource("1_tb7ms")]
transform = Transform3D(-1, 0, -8.74228e-08, 0, 1, 0, 8.74228e-08, 0, -1, 47.75, 0, 0)

[node name="DBG19" parent="." instance=ExtResource("1_tb7ms")]
transform = Transform3D(-1, 0, -8.74228e-08, 0, 1, 0, 8.74228e-08, 0, -1, -24.25, 0, 0)

[node name="DBG3" parent="." instance=ExtResource("1_tb7ms")]
transform = Transform3D(1, 0, 0, 0, 1, 0, 0, 0, 1, -48, 0, 0)
